<record><leader>00000cas a22000007a 4500</leader><controlfield tag="001">17359155</controlfield><controlfield tag="008">880119c19059999ohudn ne      0    0eng d</controlfield><datafield ind1=" " ind2=" " tag="010"><subfield code="a">sn 88077068 </subfield></datafield><datafield ind1=" " ind2=" " tag="040"><subfield code="a">ONP</subfield><subfield code="b">eng</subfield><subfield code="c">ONP</subfield><subfield code="d">OCLCQ</subfield></datafield><datafield ind1=" " ind2=" " tag="042"><subfield code="a">msc</subfield></datafield><datafield ind1="0" ind2=" " tag="130"><subfield code="a">Daily standard (Celina, Ohio : 1905)</subfield></datafield><datafield ind1="1" ind2="4" tag="245"><subfield code="a">The Daily standard.</subfield></datafield><datafield ind1=" " ind2=" " tag="260"><subfield code="a">Celina, Ohio :</subfield><subfield code="b">[s.n.]</subfield></datafield><datafield ind1=" " ind2=" " tag="310"><subfield code="a">Daily (except Sun.)</subfield></datafield><datafield ind1="1" ind2=" " tag="362"><subfield code="a">Began with Dec. 4, 1905 issue.</subfield></datafield><datafield ind1=" " ind2=" " tag="580"><subfield code="a">Weekly edition: Mercer County standard (Celina, Ohio : 1868).</subfield></datafield><datafield ind1=" " ind2=" " tag="588"><subfield code="a">Description based on: Vol. 31, no. 159 (July 8, 1935).</subfield></datafield><datafield ind1=" " ind2=" " tag="752"><subfield code="a">United States</subfield><subfield code="b">Ohio</subfield><subfield code="c">Mercer</subfield><subfield code="d">Celina.</subfield></datafield><datafield ind1="1" ind2=" " tag="775"><subfield code="t">Mercer County standard (Celina, Ohio : 1868)</subfield><subfield code="w">(DLC)sn 85038105</subfield></datafield></record>